[gd_scene load_steps=6 format=2]

[ext_resource path="res://asset/sprite/town/simply_door.png" type="Texture" id=1]
[ext_resource path="res://game/zone/GameRoomExit.gd" type="Script" id=2]
[ext_resource path="res://game/zone/GameRoomExitHoverShaderStd.tres" type="Material" id=3]
[ext_resource path="res://local/exit_label_font.tres" type="DynamicFont" id=4]

[sub_resource type="RectangleShape2D" id=1]
extents = Vector2( 32, 32 )

[node name="GameRoomExit" type="Node2D"]
script = ExtResource( 2 )
mouse_hover_shader = ExtResource( 3 )

[node name="Area2D" type="Area2D" parent="."]

[node name="exit_lbl" type="Label" parent="Area2D"]
margin_left = -74.0
margin_top = -73.0
margin_right = -74.0
margin_bottom = -37.0
custom_colors/font_color = Color( 0, 0, 0, 1 )
custom_fonts/font = ExtResource( 4 )
align = 1
__meta__ = {
"_edit_use_anchors_": false
}

[node name="img_static" type="Sprite" parent="Area2D"]
texture = ExtResource( 1 )

[node name="img_animated" type="AnimatedSprite" parent="Area2D"]
visible = false
playing = true

[node name="col_shape" type="CollisionShape2D" parent="Area2D"]
shape = SubResource( 1 )

[connection signal="input_event" from="Area2D" to="." method="_on_Area2D_input_event"]
[connection signal="mouse_entered" from="Area2D" to="." method="_on_Area2D_mouse_entered"]
[connection signal="mouse_exited" from="Area2D" to="." method="_on_Area2D_mouse_exited"]
